<record><leader>00000cas a22000007a 4500</leader><controlfield tag="001">13956659</controlfield><controlfield tag="008">860726d19541956aluwr ne      0    0eng d</controlfield><datafield ind1=" " ind2=" " tag="010"><subfield code="a">sn 86050312 </subfield></datafield><datafield ind1=" " ind2=" " tag="040"><subfield code="a">AAR</subfield><subfield code="b">eng</subfield><subfield code="c">AAR</subfield><subfield code="d">CPN</subfield><subfield code="d">OCLCQ</subfield></datafield><datafield ind1=" " ind2=" " tag="042"><subfield code="a">msc</subfield></datafield><datafield ind1="0" ind2=" " tag="130"><subfield code="a">Hartford news (Hartford, Ala.)</subfield></datafield><datafield ind1="1" ind2="4" tag="245"><subfield code="a">The Hartford news.</subfield></datafield><datafield ind1=" " ind2=" " tag="260"><subfield code="a">Hartford, Ala. :</subfield><subfield code="b">E.F. Schwenn,</subfield><subfield code="c">1954-1956.</subfield></datafield><datafield ind1=" " ind2=" " tag="300"><subfield code="a">v. :</subfield><subfield code="b">ill. ;</subfield><subfield code="c">43-55 cm.</subfield></datafield><datafield ind1=" " ind2=" " tag="310"><subfield code="a">Weekly</subfield></datafield><datafield ind1="0" ind2=" " tag="362"><subfield code="a">Vol. 1, no. 1 (Aug. 5, 1954)-v. 3, no. 4 (Aug. 30, 1956).</subfield></datafield><datafield ind1=" " ind2=" " tag="752"><subfield code="a">United States</subfield><subfield code="b">Alabama</subfield><subfield code="c">Geneva</subfield><subfield code="d">Hartford.</subfield></datafield><datafield ind1="0" ind2="7" tag="785"><subfield code="t">Herald-observer (Slocomb, Ala.)</subfield><subfield code="w">(DLC)sn 86050310</subfield></datafield><datafield ind1="0" ind2="7" tag="785"><subfield code="t">Hartford news-herald (Hartford, Ala. : 1956)</subfield><subfield code="w">(DLC)sn 86050311</subfield></datafield></record>